<?xml version="1.0" encoding="UTF-8"?>
<collection xmlns:xsi="http://www.w3.org/2001/XMLSchema-instance" xsi:schemaLocation="http://www.loc.gov/MARC21/slim http://www.loc.gov/standards/marcxml/schema/MARC21slim.xsd" xmlns="http://www.loc.gov/MARC21/slim">
<record>
  <leader>00936cam a2200253   4500</leader>
  <controlfield tag="001">2644509</controlfield>
  <controlfield tag="003">NNC</controlfield>
  <controlfield tag="005">20121018041737.0</controlfield>
  <controlfield tag="008">831227s1968    iq       b    000 0 araru</controlfield>
  <datafield tag="010" ind1=" " ind2=" ">
    <subfield code="a">   72203488 </subfield>
  </datafield>
  <datafield tag="035" ind1=" " ind2=" ">
    <subfield code="a">(OCoLC)ocm21645587</subfield>
  </datafield>
  <datafield tag="035" ind1=" " ind2=" ">
    <subfield code="9">AQZ0155CU</subfield>
  </datafield>
  <datafield tag="035" ind1=" " ind2=" ">
    <subfield code="a">(NNC)2644509</subfield>
  </datafield>
  <datafield tag="040" ind1=" " ind2=" ">
    <subfield code="c">CUY</subfield>
    <subfield code="d">DGU</subfield>
    <subfield code="d">ZCU</subfield>
  </datafield>
  <datafield tag="090" ind1=" " ind2=" ">
    <subfield code="a">QC85</subfield>
    <subfield code="b">.I25</subfield>
  </datafield>
  <datafield tag="100" ind1="1" ind2=" ">
    <subfield code="a">Tinnīsī, Muḥammad ibn Aḥmad.</subfield>
  </datafield>
  <datafield tag="245" ind1="1" ind2="0">
    <subfield code="a">Nihāyat al-rutbah fī ṭalab al-ḥisbah, li-Ibn Bassām al-Muḥtasib. Ḥaqqaqahu wa-ʻallaqa ʻalayhi Ḥusām al-Dīn al-Sāmarrāʾī</subfield>
  </datafield>
  <datafield tag="260" ind1=" " ind2=" ">
    <subfield code="a">Baghdād,</subfield>
    <subfield code="b">Maṭbaʻat al-Maʻārif,</subfield>
    <subfield code="c">1968</subfield>
  </datafield>
  <datafield tag="300" ind1=" " ind2=" ">
    <subfield code="a">24, 225 p.</subfield>
    <subfield code="c">25 cm</subfield>
  </datafield>
  <datafield tag="500" ind1=" " ind2=" ">
    <subfield code="a">Title on p. [4] of cover: Nihayat al-rutba fi talab al-hisba of Ibn Bassam al-Muhtasib.</subfield>
  </datafield>
  <datafield tag="504" ind1=" " ind2=" ">
    <subfield code="a">Includes bibliographical references.</subfield>
  </datafield>
  <datafield tag="650" ind1=" " ind2="0">
    <subfield code="a">Weights and measures, Arab</subfield>
    <subfield code="v">Early works to 1800.</subfield>
  </datafield>
  <datafield tag="700" ind1="1" ind2=" ">
    <subfield code="a">Samarrāʼī, Ḥusām al-Dīn.</subfield>
  </datafield>
  <datafield tag="955" ind1=" " ind2=" ">
    <subfield code="b">CU55300391</subfield>
    <subfield code="d">off,glx</subfield>
    <subfield code="e">QC85 .I25</subfield>
  </datafield>
</record>
</collection>